<?xml version="1.0" encoding="UTF-8"?><collection xmlns="http://www.loc.gov/MARC21/slim"><record><leader>00354nam--2200121-i-4500</leader><controlfield tag="001">000019221</controlfield><controlfield tag="002">20161230</controlfield><controlfield tag="005">20161230201033</controlfield><controlfield tag="008">060222s1000------------r-----000-0-eng-d</controlfield><datafield ind1=" " ind2=" " tag="080"><subfield code="a">330.322</subfield></datafield><datafield ind1=" " ind2=" " tag="245"><subfield code="a">Eficienta economica a investitiilor. - culegere de traduceri -</subfield></datafield><datafield ind1=" " ind2=" " tag="260"><subfield code="a">Bucuresti, Institutul Central De Documentare Tehnica, 1971.84 P</subfield></datafield><datafield ind1=" " ind2=" " tag="852"><subfield code="a">33954</subfield></datafield></record></collection>